4592 5904
871 817 1281 916 LECTORI
1352 821 1398 916 S.

371 1143 658 1274 OMNIBUS
681 1185 920 1294 jamdudum
941 1187 1130 1284 innotuit,
1150 1190 1201 1268 V.
1215 1189 1261 1268 C.
1282 1189 1509 1268 Edvardum
1544 1186 1649 1267 Dan.
1679 1187 1898 1268 Clarkium2

367 1315 446 1397 LL.
460 1317 514 1398 D.
536 1319 637 1400 coll.
657 1319 734 1399 Jes.
754 1323 860 1428 apud
886 1319 1229 1430 Cantabrigienses
1250 1351 1376 1430 nuper
1394 1316 1569 1420 Socium,
1588 1351 1636 1402 ex
1657 1325 1803 1403 'itinere
1827 1350 1899 1430 per

366 1455 495 1533 varios
513 1453 684 1562 Europae
701 1454 883 1562 Asraeque
902 1457 1049 1537 trasius
1068 1457 1246 1538 instituto
1264 1461 1450 1540 reducem
1476 1487 1569 1539 cum
1598 1459 1673 1540 alia
1700 1459 1900 1538 industriae

367 1589 447 1669 suae
466 1603 728 1670 monumenta
746 1591 879 1671 secum
902 1591 1084 1683 retulisse,
1104 1607 1191 1674 tum
1217 1595 1416 1699 praecipue
1438 1595 1545 1674 haud
1573 1594 1756 1701 exiguam
1786 1591 1894 1670 codi-

367 1752 460 1804 cum
481 1751 603 1805 manu
622 1733 873 1808 exaratorum
893 1728 1064 1833 copiam,
1079 1731 1269 1810 vetustate
1286 1729 1433 1836 pariter
1448 1756 1495 1808 ac
1510 1729 1689 1807 bonitate
1707 1725 1897 1832 speciabi-

366 1861 480 1953 lium,
510 1862 578 1966 qui
608 1862 787 1966 pecuniis
812 1862 1062 1952 Academicis
1091 1864 1197 1974 haud
1226 1863 1281 1941 ita
1303 1863 1453 1967 pridem
1477 1861 1665 1968 coempti,
1684 1877 1724 1940 et
1750 1860 1897 1938 Biblio-

366 1995 482 2074 theca
498 1995 712 2075 Bodleiana
732 1996 900 2100 repositi,
914 1999 1114 2103 perpetuis
1127 1997 1381 2078 Eruditorum
1401 1997 1530 2077 usrbus
1545 1996 1773 2075 inserviunt.
1802 1992 1899 2071 Isto-

366 2152 456 2206 rum
485 2127 683 2222 codicum,
704 2141 901 2234 quotquot
920 2129 1075 2222 Graeco,
1099 2131 1252 2227 Latino,
1271 2132 1334 2210 vel
1354 2131 1506 2212 Gallico
1526 2133 1706 2211 sermone
1731 2129 1894 2235 perscri-

364 2262 528 2353 buntur,
549 2263 815 2342 recensionem
835 2265 955 2343 hodie
980 2266 1052 2344 tibi
1077 2265 1214 2344 offero.
1274 2265 1322 2344 In
1350 2294 1428 2371 qua
1456 2267 1714 2354 conficienda,
1735 2289 1895 2367 operam

365 2393 547 2498 inprimis
566 2396 669 2485 dedi,
690 2409 735 2474 ut
754 2396 844 2475 libri
863 2397 1167 2504 uniuscujusque
1185 2399 1305 2478 status
1324 2413 1445 2504 atque
1464 2399 1635 2490 habitus,
1657 2398 1697 2490 (i.
1713 2425 1748 2476 e.
1769 2397 1899 2474 forma

365 2530 595 2624 voluminis,
614 2531 801 2626 soliorum
827 2536 996 2626 numeri,
1016 2547 1057 2614 et
1088 2532 1268 2613 materies
1296 2533 1337 2610 in
1369 2561 1446 2637 qua
1472 2532 1637 2639 scriptus
1664 2532 1748 2620 est,)
1768 2528 1898 2635 quoad
1943 2582 1946 2592 ,

365 2670 449 2776 ejus
467 2669 551 2748 fieri
572 2669 717 2773 potuit,
735 2682 918 2748 accurate
932 2681 1261 2775 proponerentur.
1314 2669 1507 2746 Praeterea
1522 2692 1603 2744 non
1621 2663 1756 2744 titulos
1773 2662 1898 2740 tolum

365 2801 527 2881 exhibui
546 2814 587 2915 et
601 2802 809 2882 authorum
826 2802 1005 2896 nomina,
1021 2803 1085 2882 sed
1105 2802 1232 2907 prima
1246 2802 1452 2908 saepiffime
1466 2814 1506 2880 et
1519 2801 1712 2906 postrema
1725 2795 1898 2902 fingulo-

365 2963 453 3015 rum
474 2936 712 3016 tractatuum
727 2937 859 3031 verba,
875 2937 1091 3034 Lambecii,
1109 2937 1427 3028 Montesalconii‚
1442 2949 1483 3015 et
1497 2934 1695 3023 Bandinii,
1715 2933 1836 3036 longo
1850 2928 1898 3006 ii-

281 3135 284 3140 .
364 3081 429 3148 cet
456 3069 678 3162 intervallo,
696 3069 855 3178 vestigia
878 3070 1046 3150 secutus.
1105 3071 1335 3150 Eorundem
1356 3094 1516 3176 quoque
1538 3068 1724 3173 exemplo
1751 3063 1898 3144 scholia

364 3204 548 3284 ineditae
568 3231 637 3284 nn.
654 3222 714 3284 12.
731 3223 796 3308 39.
810 3208 997 3311 protraxi,
1013 3205 1265 3287 collationem
1281 3203 1439 3310 insuper
1453 3201 1714 3310 Dialogorum
1725 3197 1899 3278 Platonis

365 3343 541 3436 daturus,
561 3341 630 3418 nifi
659 3367 701 3421 re
729 3342 797 3421 diu
825 3343 1028 3449 perpensa,
1049 3339 1302 3422 collationem
1328 3338 1440 3418 istam
1469 3338 1510 3416 in
1541 3337 1668 3444 majus
1697 3334 1897 3439 quoddam

365 3501 478 3580 opus,
515 3474 729 3581 aliquando
762 3476 893 3555 forsan
928 3477 1194 3580 proditurum,
1226 3471 1419 3551 reservare
1456 3468 1720 3550 decrevissem.
1778 3464 1899 3550 Quod

364 3609 546 3713 superest,
586 3611 770 3688 codicum
806 3610 1053 3714 scripturam,
1071 3626 1279 3722 ¹quantum
1312 3611 1367 3687 rei
1399 3605 1696 3715 typographicae
1727 3604 1898 3682 rationes

364 3743 587 3848 permisere,
605 3744 753 3847 ubique
770 3743 915 3822 retinui
930 3775 940 3837 ;
961 3745 1040 3824 hoc
1058 3757 1214 3825 tantum
1230 3745 1391 3840 veritus,
1406 3769 1457 3822 ne
1473 3744 1516 3822 in
1535 3754 1772 3822 accentuum
1794 3735 1898 3816 notis

364 3879 554 3958 addendis
569 3878 633 3958 vel
648 3876 893 3972 omittendis,
905 3876 1046 3983 saepius
1060 3880 1278 3984 aliquanto,
1293 3905 1413 3985 quam
1431 3879 1657 3970 debueram,
1672 3871 1895 3952 erraverim.

445 4083 559 4178 Vale,
579 4097 621 4166 et
639 4087 702 4168 his
721 4085 862 4166 nostris
881 4087 1091 4168 conatibus
1109 4085 1212 4170 save.

1484 4363 1537 4445 T.
1574 4357 1899 4443 GAISFORD.

364 4467 492 4537 Dabam
506 4491 545 4535 ex
557 4469 644 4538 AEda
659 4471 770 4559 creasti

441 4555 484 4624 vii
494 4553 571 4624 Kos.
584 4557 666 4624 Nou.
