4610 5902
1229 637 1263 746 6

589 907 700 1015 cujus
719 903 855 990 titulus
873 901 929 984 est
947 896 1085 984 Kultta
1107 921 1157 980 uu
1175 895 1338 978 Dumna
1365 891 1473 1002 (aaa
1485 889 1700 1012 ,ἁμῇ-ιλ.
1714 915 1803 996 quta
1820 892 1937 971 verba
1957 892 1999 972 in

589 1041 738 1122 Perfico
762 1040 948 1119 idiomate
966 1034 1106 1115 sonant
1124 1029 1221 1113 fBoc
1244 1058 1290 1111 ac
1313 1029 1452 1135 Lupus
1478 1055 1629 1108 durau.
1686 1026 1874 1108 Continet
1901 1055 2001 1136 opus

589 1171 709 1252 ethici
728 1183 768 1250 et
786 1168 935 1274 politici
962 1167 1129 1274 generis,
1157 1165 1198 1247 in
1229 1191 1308 1270 quo
1330 1161 1402 1242 sub
1427 1161 1555 1242 forma
1580 1159 1799 1241 fabularum
1823 1161 2001 1242 doctrina

589 1301 887 1385 frudluosrffima
907 1302 1083 1380 traditur.
1142 1297 1356 1380 Instrudluu
1381 1295 1436 1376 est
1461 1294 1596 1403 figuris
1614 1319 1803 1400 perquam
1824 1296 1997 1376 rudibus.

591 1430 643 1512 In
661 1432 893 1540 praefatione
910 1431 1084 1510 afferitur
1102 1431 1210 1510 hunc
1229 1429 1373 1509 librum
1399 1426 1528 1533 primo
1556 1450 1605 1506 ex
1626 1422 1741 1506 India
1765 1425 1806 1504 iu
1833 1425 2000 1508 Perfiam

591 1567 807 1646 adduclum
853 1563 975 1654 fuiffe,
1015 1563 1119 1669 juffu
1165 1561 1348 1642 Chosroiu
1392 1559 1655 1648 Anulhirvani
1701 1559 1818 1667 Regis
1863 1560 2000 1642 Perfiae

594 1701 703 1818 (tr-2¹⁵
719 1721 794 1788 atb-
813 1724 922 1816 ma·
944 1721 998 1820 ud
1019 1719 1164 1826 &tp-apt
1185 1695 1336 1810 §pm-2)
1361 1721 1431 1800 per
1443 1693 1655 1777 Barzuiam
1667 1691 1819 1814 (ruff)
1839 1695 1907 1800 qui
1924 1695 2001 1777 fuit

590 1883 673 1990 ejus
702 1881 877 1961 medicus
894 1881 1100 1988 primarius
1120 1879 1239 1989 (aaut
1257 1846 1362 1986 wi),
1391 1875 1460 1981 qui
1486 1875 1629 1954 librum
1659 1899 1776 1980 opere
1799 1876 2000 1984 cujusdam

591 2015 718 2098 Indici
742 2044 791 2096 ex
813 2015 1048 2096 bibliotheca
1068 2015 1173 2120 regia
1189 2009 1292 2092 clam
1310 2001 1607 2090 describendum
1626 2008 1788 2089 curavit.
1844 2007 2002 2091 Dicitur

487 2141 512 2196 ‚⁴
589 2151 709 2258 etiam
734 2150 995 2258 composrtum
1021 2147 1133 2228 fuiffe
1157 2175 1180 2227 a
1200 2144 1359 2250 Bidpai,
1388 2144 1622 2253 philosopho
1652 2143 1804 2263 indico,
1832 2147 1900 2253 qui
1924 2147 2001 2228 fuit

587 2331 779 2438 interpres
815 2331 1022 2438 primarius
1059 2328 1158 2436 Regi
1190 2323 1417 2406 Dablhellm
1443 2293 1565 2440 aspi)
1594 2346 1704 2456 Νι
1732 2345 1886 2448 upupa
1910 2346 2000 2449 μὴ,

588 2485 671 2581 capt
699 2483 773 2552 utta
803 2481 931 2594 Qut
969 2461 1146 2582 afflfol).
1205 2459 1373 2540 Burzuia
1400 2462 1514 2540 vertit
1541 2439 1650 2543 hunc
1677 2459 1821 2543 librum
1850 2464 1891 2542 in
1921 2463 1999 2542 lin-

586 2624 708 2706 guam
727 2597 919 2677 Perficam
943 2596 1088 2679 dictam
1108 2594 1285 2674 Pehlevi:
1321 2591 1611 2700 Buzurjumehr
1636 2593 1679 2673 in
1705 2594 1835 2674 lucem
1864 2595 1999 2688 edidit,

587 2746 642 2826 et,
662 2732 770 2845 juffu
798 2731 1061 2812 Anussrirvani
1083 2731 1205 2811 vitam
1234 2728 1428 2819 Burzuiae,
1454 2728 1523 2835 qui
1549 2727 1630 2838 ipse
1648 2730 1726 2810 hoe
1743 2732 1931 2826 uocant,
1959 2745 2000 2814 et

587 2865 786 2960 historiam
805 2865 894 2946 libri
911 2865 1109 2974 praemifit.

479 2994 559 3078 Hic
586 2997 684 3079 liber
710 2999 840 3106 primo
864 2998 906 3078 in
932 2997 1142 3079 Arabicam
1167 2995 1344 3105 linguam
1372 3023 1442 3104 per
1466 2995 1667 3078 Imamum
1694 2994 1842 3082 Hoffan
1869 2997 2000 3080 Abdal

588 3127 780 3224 Mokaffa,
801 3129 907 3238 juffu
926 3131 1021 3210 Abu
1038 3129 1161 3212 Jaffer
1178 3129 1380 3226 Mansour,
1408 3130 1476 3237 qui
1500 3129 1574 3209 fuit
1599 3128 1790 3222 secundus
1817 3129 2000 3242 Abbaffi·

588 3265 741 3357 darum,
769 3265 976 3345 conversus
1006 3264 1082 3346 fuit
1096 3299 1108 3362 ;
1138 3265 1268 3372 postea
1295 3265 1337 3344 in
1368 3266 1546 3375 linguam
1571 3263 1775 3346 Pernam.
1793 3290 1863 3371 per
1891 3266 2000 3349 Abul

588 3399 699 3480 Mala
731 3399 868 3480 Naffer
899 3399 1018 3482 Allah
1044 3400 1220 3492 Mustufi,
1248 3400 1317 3506 qui
1348 3425 1495 3484 numen
1527 3397 1660 3496 Kulila
1691 3426 1744 3480 va
1774 3395 2002 3494 Dumnaci

589 3532 743 3615 indidit.
812 3533 974 3614 Posthac
1019 3534 1179 3614 nomina
1226 3532 1364 3615 Anvar
1409 3532 1555 3614 Soheili
1599 3546 1640 3612 et
1683 3532 1795 3642 Ayar
1838 3532 2003 3636 Daoutlr

590 3669 755 3773 accepit.

481 3791 633 3882 Notatu
651 3802 815 3911 dignum
834 3803 889 3882 est
906 3829 1054 3882 nomeu
1073 3801 1212 3912 Bidpai
1232 3801 1376 3912 (vulgo
1394 3799 1555 3912 Pilpay)
1574 3801 1615 3880 in
1634 3802 1741 3882 libris
1760 3799 1906 3884 Indicia
1929 3831 2000 3886 au·

592 3919 710 4043 tiquis
738 3937 895 4044 penitus
919 3939 995 4020 elle
1021 3935 1248 4047 hignotum.
1307 3935 1419 4018 inter
1436 3937 1573 4018 doetus
1590 3947 1723 4018 autem
1744 3951 1900 4021 tantum
1921 3969 2001 4022 non

525 4326 660 4394 ‘Aliter
684 4327 754 4393 haec
782 4325 876 4392 verba
903 4325 1008 4392 reddit
1034 4325 1106 4392 libri
1134 4324 1265 4414 hujusce
1291 4325 1445 4414 interpres
1468 4326 1614 4405 Graecus,
1638 4326 1807 4410 Στιφανιτης
1831 4353 1947 4420 nempe
1970 4345 2004 4400 et

483 4439 641 4520 Ιχηλατης
669 4433 877 4515 (Coronarius
904 4447 937 4498 et
961 4432 1193 4519 investigator).
1225 4431 1332 4498 'Vide
1362 4432 1529 4521 specimen
1560 4432 1731 4529 Sapientiae
1752 4433 1906 4502 ludorum
1928 4449 2003 4504 vett.

485 4541 520 4607 S.
534 4541 576 4604 G.
591 4539 722 4618 Starlrii,
736 4541 843 4607 Berol.
862 4543 953 4615 1697.
1763 4551 1768 4566 ’

526 4663 542 4710 c
564 4649 640 4714 Hoc
655 4668 762 4712 revera
774 4649 858 4735 regia
873 4646 976 4714 ludici
990 4667 1106 4712 nomen
1121 4649 1181 4714 elle
1194 4646 1281 4714 haud
1295 4645 1494 4714 statuendum
1509 4648 1551 4712 cll
1559 4670 1570 4728 ς
1585 4648 1687 4735 potest
1698 4649 1784 4714 enim
1795 4645 1877 4735 legia
1885 4647 2004 4714 Dillem

486 4759 634 4894 (frma)
663 4783 713 4848 ver
736 4781 875 4848 orarem
908 4758 1056 4888 (frma)

526 4895 544 4944 ¹¹
567 4893 688 4962 Callicli
708 4905 817 4959 autern
840 4892 895 4978 qui
916 4891 988 4959 libri
1010 4892 1118 4958 Kulila
1138 4914 1175 4958 va
1194 4891 1327 4957 Dumna
1341 4891 1522 4978 elegantem
1535 4890 1749 4980 paraphrasim
1763 4893 1894 4983 scriplit,
1908 4915 2001 4964 roca·

482 5011 596 5086 bulum
611 5003 732 5106 §lt-tp
751 5012 783 5081 iu
797 5009 908 5097 lingua
923 5008 1072 5097 primaria
1085 5009 1235 5075 medium
1249 5031 1355 5076 curum
1368 5007 1541 5098 fignificare
1553 5009 1641 5075 dicit.
