4610 5902
2 3534 9 3605 t

836 1925 1261 2024 LECTORI
1320 1927 1369 2022 S.

351 2289 634 2422 CODICUM
664 2335 1040 2444 Manuscriptorum,
1070 2337 1154 2442 qui,
1183 2364 1206 2417 a
1234 2335 1318 2416 viro
1343 2333 1427 2415 cel.
1448 2333 1548 2416 Edv.
1569 2333 1675 2416 Dan.
1695 2335 1870 2432 Clarkio,

347 2494 427 2576 LL.
441 2495 495 2578 D.
525 2499 798 2610 Minemlogiae
824 2501 929 2610 apud
947 2495 1287 2606 Cantabrigienses
1311 2495 1538 2592 Profeffore,
1567 2499 1701 2604 paucis
1726 2501 1873 2582 abhinc

347 2654 462 2734 annis
489 2681 540 2736 ex
569 2657 709 2735 itinere
738 2656 807 2736 suo
834 2657 990 2743 reduce,
1019 2651 1187 2751 adventi,
1218 2650 1258 2730 in
1292 2649 1538 2730 Bibliotheca
1566 2649 1779 2734 Bodleiana
1812 2679 1873 2734 re·

305 2857 309 2867 ·
347 2808 460 2913 politi
478 2807 583 2903 sunt,
612 2809 790 2918 Catalogi
809 2826 849 2888 et
867 2808 1032 2890 Notitiae
1050 2833 1139 2914 pars
1158 2806 1279 2914 prior,
1308 2805 1444 2914 lingua
1473 2806 1625 2899 Graeca,
1653 2807 1795 2892 Latina
1812 2809 1876 2890 vel

349 2967 500 3048 Gallica
517 2985 695 3049 exaratos
719 2927 1082 3077 comprehendens:
1102 2972 1252 3052 dudum
1279 2969 1322 3048 in
1349 2969 1480 3056 lucem
1505 2971 1611 3052 edita
1638 2971 1726 3054 fuit.
1783 2974 1876 3056 Pam

348 3127 482 3208 haecce
504 3129 703 3235 posterior,
728 3129 900 3238 ejusdem
928 3127 1212 3236 manuscriptos
1235 3127 1455 3210 Orientales
1479 3132 1763 3240 compleotens,
1788 3139 1875 3245 jam

351 3281 510 3360 tandem
526 3282 676 3387 prodit:
706 3283 746 3361 in
768 3308 846 3389 qua
860 3283 1006 3362 codicis
1024 3283 1211 3391 cujusque
1226 3283 1407 3363 notitiam
1427 3284 1601 3377 brevem,
1620 3288 1704 3393 ejus
1722 3287 1879 3382 statum,

349 3440 445 3518 anni
476 3454 625 3532 notam,
656 3442 743 3522 libri
773 3442 976 3522 auolorem
1001 3455 1043 3524 et
1068 3457 1364 3551 argumentum,
1393 3441 1582 3549 quicquid
1606 3442 1777 3550 denique
1806 3471 1879 3524 no·

352 3613 437 3682 tatu
463 3602 748 3710 digniffimum,
774 3605 843 3682 out
871 3603 1008 3682 saltem
1036 3604 1142 3709 quod
1172 3605 1221 3682 de
1250 3602 1451 3682 nonnullis
1480 3601 1644 3710 cognitu
1673 3603 1762 3684 satis
1789 3605 1879 3696 effe,

353 3761 451 3840 mihi
493 3763 710 3857 videbatur,
750 3764 1005 3855 indicantem,
1045 3763 1405 3869 quomodocunque
1446 3775 1639 3868 poteram,
1686 3763 1882 3844 conficere

354 3933 518 3999 conotus
537 3919 638 4018 sum.¹

1242 4169 1585 4258 ALEXANDER
1613 4171 1826 4262 NICOLL.

359 4351 483 4420 Dolum
496 4375 537 4418 ex
549 4351 744 4420 Bibliotheca
757 4351 942 4434 Bodleiano,

526 4459 580 4525 xiv
593 4459 667 4528 Kal
682 4459 774 4530 Moli.
